<?xml version="1.0" encoding="UTF-8"?><record xmlns="http://www.loc.gov/MARC21/slim" xmlns:cinclude="http://apache.org/cocoon/include/1.0" xmlns:zs="http://www.loc.gov/zing/srw/">
  <leader>00423nz  a2200145n  4500</leader>
  <controlfield tag="001">nb2002038366</controlfield>
  <controlfield tag="003">DLC</controlfield>
  <controlfield tag="005">20020423053705.0</controlfield>
  <controlfield tag="008">020422n| acannaabn          |a aaa      </controlfield>
  <datafield tag="010" ind1=" " ind2=" ">
    <subfield code="a">nb2002038366</subfield>
  </datafield>
  <datafield tag="040" ind1=" " ind2=" ">
    <subfield code="a">Uk</subfield>
    <subfield code="b">eng</subfield>
    <subfield code="c">Uk</subfield>
  </datafield>
  <datafield tag="100" ind1="1" ind2="0">
    <subfield code="a">Joly, J. R.</subfield>
    <subfield code="q">(Jasper Robert)</subfield>
  </datafield>
  <datafield tag="400" ind1="1" ind2="0">
    <subfield code="a">Joly, Jasper Robert</subfield>
  </datafield>
  <datafield tag="670" ind1=" " ind2=" ">
    <subfield code="a">No. 240. Special Hogarth catalogue, 1892</subfield>
  </datafield>
  <datafield tag="670" ind1=" " ind2=" ">
    <subfield code="a">BL database, 22 April 2002</subfield>
    <subfield code="b">(hdg.: Joly, J. R.(Jasper Robert))</subfield>
  </datafield>
</record>